[gd_scene load_steps=44 format=2]

[ext_resource path="res://scenes/levels/autogen/World_Test.png" type="Texture" id=1]
[ext_resource path="res://scenes/rooms/Crust/2P_001_3_N.tscn" type="PackedScene" id=2]
[ext_resource path="res://scenes/rooms/1_003_3_K.tscn" type="PackedScene" id=3]
[ext_resource path="res://scenes/rooms/Crust/2A_000_1_N.tscn" type="PackedScene" id=4]
[ext_resource path="res://scenes/rooms/2P_003_2_K.tscn" type="PackedScene" id=5]
[ext_resource path="res://scenes/rooms/2A_007_2_K.tscn" type="PackedScene" id=6]
[ext_resource path="res://scenes/rooms/Crust/3_007_3_N.tscn" type="PackedScene" id=7]
[ext_resource path="res://scenes/rooms/2P_008_2_N.tscn" type="PackedScene" id=8]
[ext_resource path="res://scenes/rooms/Crust/2A_001_1_K.tscn" type="PackedScene" id=9]
[ext_resource path="res://scenes/rooms/2A_003_2_K.tscn" type="PackedScene" id=10]
[ext_resource path="res://scenes/rooms/Crust/2P_007_2_N.tscn" type="PackedScene" id=11]
[ext_resource path="res://scenes/rooms/3_003_2_K.tscn" type="PackedScene" id=12]
[ext_resource path="res://scenes/rooms/Crust/1_005_1_N.tscn" type="PackedScene" id=13]
[ext_resource path="res://scenes/rooms/Crust/2P_006_2_N.tscn" type="PackedScene" id=14]
[ext_resource path="res://scenes/rooms/Crust/2A_004_1_N.tscn" type="PackedScene" id=15]
[ext_resource path="res://scenes/rooms/Crust/3_005_2_K.tscn" type="PackedScene" id=16]
[ext_resource path="res://scenes/rooms/Crust/2P_005_2_N.tscn" type="PackedScene" id=17]
[ext_resource path="res://scenes/rooms/Crust/2A_031_2_N.tscn" type="PackedScene" id=18]
[ext_resource path="res://scenes/rooms/Crust/2P_002_2_N.tscn" type="PackedScene" id=19]
[ext_resource path="res://scenes/rooms/1_002_1_N.tscn" type="PackedScene" id=20]
[ext_resource path="res://scenes/rooms/Room_4_000.tscn" type="PackedScene" id=21]
[ext_resource path="res://scenes/rooms/Crust/2A_006_1_N.tscn" type="PackedScene" id=22]
[ext_resource path="res://scenes/rooms/Crust/2P_000_2_N.tscn" type="PackedScene" id=23]
[ext_resource path="res://scenes/rooms/2A_005_3_K.tscn" type="PackedScene" id=24]
[ext_resource path="res://scenes/rooms/Crust/2P_004_2_N.tscn" type="PackedScene" id=25]
[ext_resource path="res://scenes/rooms/Crust/2A_002_3_K.tscn" type="PackedScene" id=26]
[ext_resource path="res://scenes/rooms/1_004_2_K.tscn" type="PackedScene" id=27]
[ext_resource path="res://scenes/rooms/Crust/2A_032_2_N.tscn" type="PackedScene" id=28]
[ext_resource path="res://scenes/rooms/3_002_3_K.tscn" type="PackedScene" id=29]
[ext_resource path="res://scenes/Player.tscn" type="PackedScene" id=30]
[ext_resource path="res://scenes/obstacles/CircularMovingPlatform.tscn" type="PackedScene" id=31]
[ext_resource path="res://scenes/obstacles/BreakablePlatform.tscn" type="PackedScene" id=32]
[ext_resource path="res://scenes/obstacles/GravityChangeArea.tscn" type="PackedScene" id=33]
[ext_resource path="res://scenes/obstacles/NoFallDeathArea.tscn" type="PackedScene" id=34]
[ext_resource path="res://scenes/obstacles/TimeReversalCharge.tscn" type="PackedScene" id=35]
[ext_resource path="res://scenes/obstacles/Coin.tscn" type="PackedScene" id=36]
[ext_resource path="res://scenes/obstacles/Key.tscn" type="PackedScene" id=37]
[ext_resource path="res://scenes/obstacles/SpringyPlatform.tscn" type="PackedScene" id=38]
[ext_resource path="res://scenes/obstacles/Turret.tscn" type="PackedScene" id=39]
[ext_resource path="res://scenes/obstacles/GravityChangeAnimation.tscn" type="PackedScene" id=40]
[ext_resource path="res://scenes/obstacles/VerticalMovingPlatform.tscn" type="PackedScene" id=41]
[ext_resource path="res://scenes/obstacles/Switch.tscn" type="PackedScene" id=42]
[ext_resource path="res://scenes/obstacles/Button.tscn" type="PackedScene" id=43]









[node name="AutogenLevel_0" type="Node2D"]

[node name="Node2D" parent="." instance=ExtResource( 21 )]

[node name="@Node2D@257" parent="." instance=ExtResource( 24 )]
position = Vector2( 4096, 2048 )
rotation = 3.14159

[node name="@Node2D@258" parent="." instance=ExtResource( 26 )]
position = Vector2( 4096, 2048 )
rotation = 4.71239

[node name="@Node2D@259" parent="." instance=ExtResource( 21 )]
position = Vector2( 6144, 0 )

[node name="@Node2D@260" parent="." instance=ExtResource( 21 )]
position = Vector2( 8192, 0 )

[node name="@Node2D@261" parent="." instance=ExtResource( 21 )]
position = Vector2( 10240, 0 )

[node name="@Node2D@262" parent="." instance=ExtResource( 21 )]
position = Vector2( 12288, 0 )

[node name="@Node2D@263" parent="." instance=ExtResource( 21 )]
position = Vector2( 14336, 0 )

[node name="@Node2D@264" parent="." instance=ExtResource( 22 )]
position = Vector2( 18432, 2048 )
rotation = 3.14159

[node name="@Node2D@265" parent="." instance=ExtResource( 23 )]
position = Vector2( 18432, 0 )

[node name="@Node2D@266" parent="." instance=ExtResource( 25 )]
position = Vector2( 20480, 0 )

[node name="@Node2D@267" parent="." instance=ExtResource( 20 )]
position = Vector2( 24576, 2048 )
rotation = 3.14159

[node name="@Node2D@268" parent="." instance=ExtResource( 25 )]
position = Vector2( 24576, 0 )

[node name="@Node2D@269" parent="." instance=ExtResource( 8 )]
position = Vector2( 26624, 0 )

[node name="@Node2D@270" parent="." instance=ExtResource( 23 )]
position = Vector2( 28672, 0 )

[node name="@Node2D@271" parent="." instance=ExtResource( 4 )]
position = Vector2( 30720, 2048 )
rotation = 4.71239

[node name="@Node2D@272" parent="." instance=ExtResource( 21 )]
position = Vector2( 0, 2048 )

[node name="@Node2D@273" parent="." instance=ExtResource( 17 )]
position = Vector2( 4096, 2048 )
rotation = 1.5708

[node name="@Node2D@274" parent="." instance=ExtResource( 5 )]
position = Vector2( 6144, 2048 )
rotation = 1.5708

[node name="@Node2D@275" parent="." instance=ExtResource( 21 )]
position = Vector2( 6144, 2048 )

[node name="@Node2D@276" parent="." instance=ExtResource( 21 )]
position = Vector2( 8192, 2048 )

[node name="@Node2D@277" parent="." instance=ExtResource( 21 )]
position = Vector2( 10240, 2048 )

[node name="@Node2D@278" parent="." instance=ExtResource( 21 )]
position = Vector2( 12288, 2048 )

[node name="@Node2D@279" parent="." instance=ExtResource( 4 )]
position = Vector2( 16384, 4096 )
rotation = 3.14159

[node name="@Node2D@280" parent="." instance=ExtResource( 22 )]
position = Vector2( 16384, 2048 )

[node name="@Node2D@281" parent="." instance=ExtResource( 9 )]
position = Vector2( 20480, 4096 )
rotation = 3.14159

[node name="@Node2D@282" parent="." instance=ExtResource( 9 )]
position = Vector2( 20480, 4096 )
rotation = 4.71239

[node name="@Node2D@283" parent="." instance=ExtResource( 4 )]
position = Vector2( 24576, 2048 )
rotation = 1.5708

[node name="@Node2D@284" parent="." instance=ExtResource( 6 )]
position = Vector2( 24576, 4096 )
rotation = 4.71239

[node name="@Node2D@285" parent="." instance=ExtResource( 7 )]
position = Vector2( 26624, 4096 )
rotation = 4.71239

[node name="@Node2D@286" parent="." instance=ExtResource( 26 )]
position = Vector2( 30720, 4096 )
rotation = 3.14159

[node name="@Node2D@287" parent="." instance=ExtResource( 10 )]
position = Vector2( 30720, 2048 )

[node name="@Node2D@288" parent="." instance=ExtResource( 22 )]
position = Vector2( 2048, 6144 )
rotation = 3.14159

[node name="@Node2D@289" parent="." instance=ExtResource( 24 )]
position = Vector2( 2048, 4096 )

[node name="@Node2D@290" parent="." instance=ExtResource( 22 )]
position = Vector2( 6144, 4096 )
rotation = 1.5708

[node name="@Node2D@291" parent="." instance=ExtResource( 17 )]
position = Vector2( 6144, 4096 )

[node name="@Node2D@292" parent="." instance=ExtResource( 26 )]
position = Vector2( 8192, 6144 )
rotation = 4.71239

[node name="@Node2D@293" parent="." instance=ExtResource( 21 )]
position = Vector2( 10240, 4096 )

[node name="@Node2D@294" parent="." instance=ExtResource( 21 )]
position = Vector2( 12288, 4096 )

[node name="@Node2D@295" parent="." instance=ExtResource( 25 )]
position = Vector2( 16384, 4096 )
rotation = 1.5708

[node name="@Node2D@296" parent="." instance=ExtResource( 9 )]
position = Vector2( 18432, 6144 )
rotation = 3.14159

[node name="@Node2D@297" parent="." instance=ExtResource( 6 )]
position = Vector2( 18432, 4096 )

[node name="@Node2D@298" parent="." instance=ExtResource( 11 )]
position = Vector2( 22528, 4096 )
rotation = 1.5708

[node name="@Node2D@299" parent="." instance=ExtResource( 12 )]
position = Vector2( 22528, 6144 )
rotation = 4.71239

[node name="@Node2D@300" parent="." instance=ExtResource( 6 )]
position = Vector2( 26624, 4096 )
rotation = 1.5708

[node name="@Node2D@301" parent="." instance=ExtResource( 13 )]
position = Vector2( 26624, 6144 )
rotation = 4.71239

[node name="@Node2D@302" parent="." instance=ExtResource( 4 )]
position = Vector2( 30720, 4096 )
rotation = 1.5708

[node name="@Node2D@303" parent="." instance=ExtResource( 6 )]
position = Vector2( 30720, 6144 )
rotation = 4.71239

[node name="@Node2D@304" parent="." instance=ExtResource( 10 )]
position = Vector2( 2048, 6142.59 )
rotation = 1.5708

[node name="PressurePlateDoor" parent="@Node2D@304" index="38"]
position = Vector2( 289.414, 991.999 )

[node name="AnimatedSprite" parent="@Node2D@304/PressurePlateDoor" index="0"]
frame = 4

[node name="DoorTriggerShape" parent="@Node2D@304/PressurePlateDoor" index="1"]
position = Vector2( 191.998, -128.001 )

[node name="Node2D" parent="@Node2D@304" index="39"]
position = Vector2( 289.411, 351.999 )

[node name="@Node2D@305" parent="." instance=ExtResource( 19 )]
position = Vector2( 2048, 6144 )

[node name="@Node2D@306" parent="." instance=ExtResource( 18 )]
position = Vector2( 4096, 6144 )

[node name="@Node2D@307" parent="." instance=ExtResource( 21 )]
position = Vector2( 6144, 6144 )

[node name="@Node2D@308" parent="." instance=ExtResource( 14 )]
position = Vector2( 10240, 6144 )
rotation = 1.5708

[node name="@Node2D@309" parent="." instance=ExtResource( 9 )]
position = Vector2( 12288, 8192 )
rotation = 3.14159

[node name="@Node2D@310" parent="." instance=ExtResource( 5 )]
position = Vector2( 12288, 6144 )

[node name="@Node2D@311" parent="." instance=ExtResource( 24 )]
position = Vector2( 14336, 6144 )

[node name="@Node2D@312" parent="." instance=ExtResource( 17 )]
position = Vector2( 18432, 6144 )
rotation = 1.5708

[node name="@Node2D@313" parent="." instance=ExtResource( 21 )]
position = Vector2( 18432, 6144 )

[node name="@Node2D@314" parent="." instance=ExtResource( 5 )]
position = Vector2( 22528, 6144 )
rotation = 1.5708

[node name="@Node2D@315" parent="." instance=ExtResource( 3 )]
position = Vector2( 24576, 6144 )
rotation = 1.5708

[node name="@Node2D@316" parent="." instance=ExtResource( 15 )]
position = Vector2( 24576, 8192 )
rotation = 4.71239

[node name="@Node2D@317" parent="." instance=ExtResource( 3 )]
position = Vector2( 28672, 6144 )
rotation = 1.5708

[node name="@Node2D@318" parent="." instance=ExtResource( 16 )]
position = Vector2( 28672, 6144 )

[node name="@Node2D@319" parent="." instance=ExtResource( 19 )]
position = Vector2( 32768, 6144 )
rotation = 1.5708

[node name="@Node2D@320" parent="." instance=ExtResource( 21 )]
position = Vector2( 0, 8192 )

[node name="@Node2D@321" parent="." instance=ExtResource( 21 )]
position = Vector2( 2048, 8192 )

[node name="@Node2D@322" parent="." instance=ExtResource( 21 )]
position = Vector2( 4096, 8192 )

[node name="@Node2D@323" parent="." instance=ExtResource( 21 )]
position = Vector2( 6144, 8192 )

[node name="@Node2D@324" parent="." instance=ExtResource( 8 )]
position = Vector2( 10240, 8192 )
rotation = 1.5708

[node name="@Node2D@325" parent="." instance=ExtResource( 15 )]
position = Vector2( 12288, 8192 )
rotation = 1.5708

[node name="@Node2D@326" parent="." instance=ExtResource( 4 )]
position = Vector2( 12288, 10240 )
rotation = 4.71239

[node name="@Node2D@327" parent="." instance=ExtResource( 24 )]
position = Vector2( 16384, 10240 )
rotation = 3.14159

[node name="@Node2D@328" parent="." instance=ExtResource( 24 )]
position = Vector2( 16384, 8192 )

[node name="@Node2D@329" parent="." instance=ExtResource( 21 )]
position = Vector2( 18432, 8192 )

[node name="@Node2D@330" parent="." instance=ExtResource( 2 )]
position = Vector2( 22528, 8192 )
rotation = 1.5708

[node name="@Node2D@331" parent="." instance=ExtResource( 28 )]
position = Vector2( 24576, 8192 )
rotation = 1.5708

[node name="@Node2D@332" parent="." instance=ExtResource( 22 )]
position = Vector2( 26624, 8192 )
rotation = 1.5708

[node name="@Node2D@333" parent="." instance=ExtResource( 22 )]
position = Vector2( 26624, 8192 )

[node name="@Node2D@334" parent="." instance=ExtResource( 15 )]
position = Vector2( 30720, 10240 )
rotation = 3.14159

[node name="@Node2D@335" parent="." instance=ExtResource( 9 )]
position = Vector2( 30720, 8192 )

[node name="@Node2D@336" parent="." instance=ExtResource( 21 )]
position = Vector2( 0, 10240 )

[node name="@Node2D@337" parent="." instance=ExtResource( 21 )]
position = Vector2( 2048, 10240 )

[node name="@Node2D@338" parent="." instance=ExtResource( 21 )]
position = Vector2( 4096, 10240 )

[node name="@Node2D@339" parent="." instance=ExtResource( 9 )]
position = Vector2( 8192, 12288 )
rotation = 3.14159

[node name="@Node2D@340" parent="." instance=ExtResource( 4 )]
position = Vector2( 8192, 10240 )

[node name="@Node2D@341" parent="." instance=ExtResource( 9 )]
position = Vector2( 12288, 12288 )
rotation = 3.14159

[node name="@Node2D@342" parent="." instance=ExtResource( 9 )]
position = Vector2( 12288, 10240 )

[node name="@Node2D@343" parent="." instance=ExtResource( 22 )]
position = Vector2( 16384, 10240 )
rotation = 1.5708

[node name="@Node2D@344" parent="." instance=ExtResource( 9 )]
position = Vector2( 16384, 12288 )
rotation = 4.71239

[node name="@Node2D@345" parent="." instance=ExtResource( 21 )]
position = Vector2( 18432, 10240 )

[node name="@Node2D@346" parent="." instance=ExtResource( 6 )]
position = Vector2( 22528, 10240 )
rotation = 1.5708

[node name="@Node2D@347" parent="." instance=ExtResource( 23 )]
position = Vector2( 22528, 10240 )

[node name="@Node2D@348" parent="." instance=ExtResource( 17 )]
position = Vector2( 24576, 10240 )

[node name="@Node2D@349" parent="." instance=ExtResource( 4 )]
position = Vector2( 26624, 12288 )
rotation = 4.71239

[node name="@Node2D@350" parent="." instance=ExtResource( 24 )]
position = Vector2( 30720, 10240 )
rotation = 1.5708

[node name="@Node2D@351" parent="." instance=ExtResource( 6 )]
position = Vector2( 30720, 12288 )
rotation = 4.71239

[node name="@Node2D@352" parent="." instance=ExtResource( 21 )]
position = Vector2( 0, 12288 )

[node name="@Node2D@353" parent="." instance=ExtResource( 21 )]
position = Vector2( 2048, 12288 )

[node name="@Node2D@354" parent="." instance=ExtResource( 21 )]
position = Vector2( 4096, 12288 )

[node name="@Node2D@355" parent="." instance=ExtResource( 26 )]
position = Vector2( 8192, 12288 )
rotation = 1.5708

[node name="@Node2D@356" parent="." instance=ExtResource( 14 )]
position = Vector2( 8192, 12288 )

[node name="@Node2D@357" parent="." instance=ExtResource( 6 )]
position = Vector2( 10240, 12288 )

[node name="@Node2D@358" parent="." instance=ExtResource( 24 )]
position = Vector2( 14336, 14336 )
rotation = 3.14159

[node name="@Node2D@359" parent="." instance=ExtResource( 5 )]
position = Vector2( 14336, 12288 )

[node name="@Node2D@360" parent="." instance=ExtResource( 27 )]
position = Vector2( 16384, 14336 )
rotation = 4.71239

[node name="@Node2D@361" parent="." instance=ExtResource( 21 )]
position = Vector2( 18432, 12288 )

[node name="@Node2D@362" parent="." instance=ExtResource( 26 )]
position = Vector2( 22528, 14336 )
rotation = 3.14159

[node name="@Node2D@363" parent="." instance=ExtResource( 2 )]
position = Vector2( 22528, 12288 )

[node name="@Node2D@364" parent="." instance=ExtResource( 6 )]
position = Vector2( 24576, 14336 )
rotation = 4.71239

[node name="@Node2D@365" parent="." instance=ExtResource( 24 )]
position = Vector2( 28672, 12288 )
rotation = 1.5708

[node name="@Node2D@366" parent="." instance=ExtResource( 11 )]
position = Vector2( 28672, 12288 )

[node name="@Node2D@367" parent="." instance=ExtResource( 10 )]
position = Vector2( 30720, 12288 )

[node name="@Node2D@368" parent="." instance=ExtResource( 21 )]
position = Vector2( 0, 14336 )

[node name="@Node2D@369" parent="." instance=ExtResource( 21 )]
position = Vector2( 2048, 14336 )

[node name="@Node2D@370" parent="." instance=ExtResource( 21 )]
position = Vector2( 4096, 14336 )

[node name="@Node2D@371" parent="." instance=ExtResource( 21 )]
position = Vector2( 6144, 14336 )

[node name="@Node2D@372" parent="." instance=ExtResource( 21 )]
position = Vector2( 8192, 14336 )

[node name="@Node2D@373" parent="." instance=ExtResource( 21 )]
position = Vector2( 10240, 14336 )

[node name="@Node2D@374" parent="." instance=ExtResource( 26 )]
position = Vector2( 14336, 14336 )
rotation = 1.5708

[node name="@Node2D@375" parent="." instance=ExtResource( 26 )]
position = Vector2( 14336, 16384 )
rotation = 4.71239

[node name="@Node2D@376" parent="." instance=ExtResource( 29 )]
position = Vector2( 18432, 14336 )
rotation = 1.5708

[node name="@Node2D@377" parent="." instance=ExtResource( 4 )]
position = Vector2( 20480, 16384 )
rotation = 3.14159

[node name="@Node2D@378" parent="." instance=ExtResource( 10 )]
position = Vector2( 20480, 14336 )

[node name="@Node2D@379" parent="." instance=ExtResource( 21 )]
position = Vector2( 22528, 14336 )

[node name="@Node2D@380" parent="." instance=ExtResource( 5 )]
position = Vector2( 26624, 14336 )
rotation = 1.5708

[node name="@Node2D@381" parent="." instance=ExtResource( 21 )]
position = Vector2( 26624, 14336 )

[node name="@Node2D@382" parent="." instance=ExtResource( 21 )]
position = Vector2( 28672, 14336 )

[node name="@Node2D@383" parent="." instance=ExtResource( 21 )]
position = Vector2( 30720, 14336 )

[node name="@Node2D@384" parent="." instance=ExtResource( 21 )]
position = Vector2( 0, 16384 )

[node name="@Node2D@385" parent="." instance=ExtResource( 21 )]
position = Vector2( 2048, 16384 )

[node name="@Node2D@386" parent="." instance=ExtResource( 21 )]
position = Vector2( 4096, 16384 )

[node name="@Node2D@387" parent="." instance=ExtResource( 21 )]
position = Vector2( 6144, 16384 )

[node name="@Node2D@388" parent="." instance=ExtResource( 21 )]
position = Vector2( 8192, 16384 )

[node name="@Node2D@389" parent="." instance=ExtResource( 21 )]
position = Vector2( 10240, 16384 )

[node name="@Node2D@390" parent="." instance=ExtResource( 21 )]
position = Vector2( 12288, 16384 )

[node name="@Node2D@391" parent="." instance=ExtResource( 4 )]
position = Vector2( 16384, 16384 )
rotation = 1.5708

[node name="@Node2D@392" parent="." instance=ExtResource( 5 )]
position = Vector2( 16384, 16384 )

[node name="@Node2D@393" parent="." instance=ExtResource( 10 )]
position = Vector2( 18432, 16384 )

[node name="@Node2D@394" parent="." instance=ExtResource( 21 )]
position = Vector2( 20480, 16384 )

[node name="@Node2D@395" parent="." instance=ExtResource( 21 )]
position = Vector2( 22528, 16384 )

[node name="@Node2D@396" parent="." instance=ExtResource( 2 )]
position = Vector2( 26624, 16384 )
rotation = 1.5708

[node name="@Node2D@397" parent="." instance=ExtResource( 21 )]
position = Vector2( 26624, 16384 )

[node name="@Node2D@398" parent="." instance=ExtResource( 21 )]
position = Vector2( 28672, 16384 )

[node name="@Node2D@399" parent="." instance=ExtResource( 21 )]
position = Vector2( 30720, 16384 )

[node name="@Node2D@400" parent="." instance=ExtResource( 21 )]
position = Vector2( 0, 18432 )

[node name="@Node2D@401" parent="." instance=ExtResource( 21 )]
position = Vector2( 2048, 18432 )

[node name="@Node2D@402" parent="." instance=ExtResource( 21 )]
position = Vector2( 4096, 18432 )

[node name="@Node2D@403" parent="." instance=ExtResource( 21 )]
position = Vector2( 6144, 18432 )

[node name="@Node2D@404" parent="." instance=ExtResource( 21 )]
position = Vector2( 8192, 18432 )

[node name="@Node2D@405" parent="." instance=ExtResource( 21 )]
position = Vector2( 10240, 18432 )

[node name="@Node2D@406" parent="." instance=ExtResource( 21 )]
position = Vector2( 12288, 18432 )

[node name="@Node2D@407" parent="." instance=ExtResource( 21 )]
position = Vector2( 14336, 18432 )

[node name="@Node2D@408" parent="." instance=ExtResource( 21 )]
position = Vector2( 16384, 18432 )

[node name="@Node2D@409" parent="." instance=ExtResource( 21 )]
position = Vector2( 18432, 18432 )

[node name="@Node2D@410" parent="." instance=ExtResource( 21 )]
position = Vector2( 20480, 18432 )

[node name="@Node2D@411" parent="." instance=ExtResource( 21 )]
position = Vector2( 22528, 18432 )

[node name="@Node2D@412" parent="." instance=ExtResource( 2 )]
position = Vector2( 26624, 18432 )
rotation = 1.5708

[node name="@Node2D@413" parent="." instance=ExtResource( 21 )]
position = Vector2( 26624, 18432 )

[node name="@Node2D@414" parent="." instance=ExtResource( 21 )]
position = Vector2( 28672, 18432 )

[node name="@Node2D@415" parent="." instance=ExtResource( 21 )]
position = Vector2( 30720, 18432 )

[node name="@Node2D@416" parent="." instance=ExtResource( 21 )]
position = Vector2( 0, 20480 )

[node name="@Node2D@417" parent="." instance=ExtResource( 21 )]
position = Vector2( 2048, 20480 )

[node name="@Node2D@418" parent="." instance=ExtResource( 21 )]
position = Vector2( 4096, 20480 )

[node name="@Node2D@419" parent="." instance=ExtResource( 21 )]
position = Vector2( 6144, 20480 )

[node name="@Node2D@420" parent="." instance=ExtResource( 21 )]
position = Vector2( 8192, 20480 )

[node name="@Node2D@421" parent="." instance=ExtResource( 21 )]
position = Vector2( 10240, 20480 )

[node name="@Node2D@422" parent="." instance=ExtResource( 21 )]
position = Vector2( 12288, 20480 )

[node name="@Node2D@423" parent="." instance=ExtResource( 21 )]
position = Vector2( 14336, 20480 )

[node name="@Node2D@424" parent="." instance=ExtResource( 21 )]
position = Vector2( 16384, 20480 )

[node name="@Node2D@425" parent="." instance=ExtResource( 21 )]
position = Vector2( 18432, 20480 )

[node name="@Node2D@426" parent="." instance=ExtResource( 21 )]
position = Vector2( 20480, 20480 )

[node name="@Node2D@427" parent="." instance=ExtResource( 21 )]
position = Vector2( 22528, 20480 )

[node name="@Node2D@428" parent="." instance=ExtResource( 6 )]
position = Vector2( 26624, 20480 )
rotation = 1.5708

[node name="@Node2D@429" parent="." instance=ExtResource( 8 )]
position = Vector2( 26624, 20480 )

[node name="@Node2D@430" parent="." instance=ExtResource( 25 )]
position = Vector2( 28672, 20480 )

[node name="@Node2D@431" parent="." instance=ExtResource( 24 )]
position = Vector2( 30720, 22528 )
rotation = 4.71239

[node name="@Node2D@432" parent="." instance=ExtResource( 21 )]
position = Vector2( 0, 22528 )

[node name="@Node2D@433" parent="." instance=ExtResource( 21 )]
position = Vector2( 2048, 22528 )

[node name="@Node2D@434" parent="." instance=ExtResource( 21 )]
position = Vector2( 4096, 22528 )

[node name="@Node2D@435" parent="." instance=ExtResource( 21 )]
position = Vector2( 6144, 22528 )

[node name="@Node2D@436" parent="." instance=ExtResource( 21 )]
position = Vector2( 8192, 22528 )

[node name="@Node2D@437" parent="." instance=ExtResource( 21 )]
position = Vector2( 10240, 22528 )

[node name="@Node2D@438" parent="." instance=ExtResource( 21 )]
position = Vector2( 12288, 22528 )

[node name="@Node2D@439" parent="." instance=ExtResource( 21 )]
position = Vector2( 14336, 22528 )

[node name="@Node2D@440" parent="." instance=ExtResource( 21 )]
position = Vector2( 16384, 22528 )

[node name="@Node2D@441" parent="." instance=ExtResource( 21 )]
position = Vector2( 18432, 22528 )

[node name="@Node2D@442" parent="." instance=ExtResource( 21 )]
position = Vector2( 20480, 22528 )

[node name="@Node2D@443" parent="." instance=ExtResource( 21 )]
position = Vector2( 22528, 22528 )

[node name="@Node2D@444" parent="." instance=ExtResource( 21 )]
position = Vector2( 24576, 22528 )

[node name="@Node2D@445" parent="." instance=ExtResource( 21 )]
position = Vector2( 26624, 22528 )

[node name="@Node2D@446" parent="." instance=ExtResource( 21 )]
position = Vector2( 28672, 22528 )

[node name="@Node2D@447" parent="." instance=ExtResource( 7 )]
position = Vector2( 32768, 22528 )
rotation = 1.5708

[node name="@Node2D@448" parent="." instance=ExtResource( 21 )]
position = Vector2( 0, 24576 )

[node name="@Node2D@449" parent="." instance=ExtResource( 21 )]
position = Vector2( 2048, 24576 )

[node name="@Node2D@450" parent="." instance=ExtResource( 21 )]
position = Vector2( 4096, 24576 )

[node name="@Node2D@451" parent="." instance=ExtResource( 21 )]
position = Vector2( 6144, 24576 )

[node name="@Node2D@452" parent="." instance=ExtResource( 21 )]
position = Vector2( 8192, 24576 )

[node name="@Node2D@453" parent="." instance=ExtResource( 21 )]
position = Vector2( 10240, 24576 )

[node name="@Node2D@454" parent="." instance=ExtResource( 21 )]
position = Vector2( 12288, 24576 )

[node name="@Node2D@455" parent="." instance=ExtResource( 21 )]
position = Vector2( 14336, 24576 )

[node name="@Node2D@456" parent="." instance=ExtResource( 21 )]
position = Vector2( 16384, 24576 )

[node name="@Node2D@457" parent="." instance=ExtResource( 21 )]
position = Vector2( 18432, 24576 )

[node name="@Node2D@458" parent="." instance=ExtResource( 21 )]
position = Vector2( 20480, 24576 )

[node name="@Node2D@459" parent="." instance=ExtResource( 21 )]
position = Vector2( 22528, 24576 )

[node name="@Node2D@460" parent="." instance=ExtResource( 21 )]
position = Vector2( 24576, 24576 )

[node name="@Node2D@461" parent="." instance=ExtResource( 21 )]
position = Vector2( 26624, 24576 )

[node name="@Node2D@462" parent="." instance=ExtResource( 21 )]
position = Vector2( 28672, 24576 )

[node name="@Node2D@463" parent="." instance=ExtResource( 21 )]
position = Vector2( 30720, 24576 )

[node name="@Node2D@464" parent="." instance=ExtResource( 21 )]
position = Vector2( 0, 26624 )

[node name="@Node2D@465" parent="." instance=ExtResource( 21 )]
position = Vector2( 2048, 26624 )

[node name="@Node2D@466" parent="." instance=ExtResource( 21 )]
position = Vector2( 4096, 26624 )

[node name="@Node2D@467" parent="." instance=ExtResource( 21 )]
position = Vector2( 6144, 26624 )

[node name="@Node2D@468" parent="." instance=ExtResource( 21 )]
position = Vector2( 8192, 26624 )

[node name="@Node2D@469" parent="." instance=ExtResource( 21 )]
position = Vector2( 10240, 26624 )

[node name="@Node2D@470" parent="." instance=ExtResource( 21 )]
position = Vector2( 12288, 26624 )

[node name="@Node2D@471" parent="." instance=ExtResource( 21 )]
position = Vector2( 14336, 26624 )

[node name="@Node2D@472" parent="." instance=ExtResource( 21 )]
position = Vector2( 16384, 26624 )

[node name="@Node2D@473" parent="." instance=ExtResource( 21 )]
position = Vector2( 18432, 26624 )

[node name="@Node2D@474" parent="." instance=ExtResource( 21 )]
position = Vector2( 20480, 26624 )

[node name="@Node2D@475" parent="." instance=ExtResource( 21 )]
position = Vector2( 22528, 26624 )

[node name="@Node2D@476" parent="." instance=ExtResource( 21 )]
position = Vector2( 24576, 26624 )

[node name="@Node2D@477" parent="." instance=ExtResource( 21 )]
position = Vector2( 26624, 26624 )

[node name="@Node2D@478" parent="." instance=ExtResource( 21 )]
position = Vector2( 28672, 26624 )

[node name="@Node2D@479" parent="." instance=ExtResource( 21 )]
position = Vector2( 30720, 26624 )

[node name="@Node2D@480" parent="." instance=ExtResource( 21 )]
position = Vector2( 0, 28672 )

[node name="@Node2D@481" parent="." instance=ExtResource( 21 )]
position = Vector2( 2048, 28672 )

[node name="@Node2D@482" parent="." instance=ExtResource( 21 )]
position = Vector2( 4096, 28672 )

[node name="@Node2D@483" parent="." instance=ExtResource( 21 )]
position = Vector2( 6144, 28672 )

[node name="@Node2D@484" parent="." instance=ExtResource( 21 )]
position = Vector2( 8192, 28672 )

[node name="@Node2D@485" parent="." instance=ExtResource( 21 )]
position = Vector2( 10240, 28672 )

[node name="@Node2D@486" parent="." instance=ExtResource( 21 )]
position = Vector2( 12288, 28672 )

[node name="@Node2D@487" parent="." instance=ExtResource( 21 )]
position = Vector2( 14336, 28672 )

[node name="@Node2D@488" parent="." instance=ExtResource( 21 )]
position = Vector2( 16384, 28672 )

[node name="@Node2D@489" parent="." instance=ExtResource( 21 )]
position = Vector2( 18432, 28672 )

[node name="@Node2D@490" parent="." instance=ExtResource( 21 )]
position = Vector2( 20480, 28672 )

[node name="@Node2D@491" parent="." instance=ExtResource( 21 )]
position = Vector2( 22528, 28672 )

[node name="@Node2D@492" parent="." instance=ExtResource( 21 )]
position = Vector2( 24576, 28672 )

[node name="@Node2D@493" parent="." instance=ExtResource( 21 )]
position = Vector2( 26624, 28672 )

[node name="@Node2D@494" parent="." instance=ExtResource( 21 )]
position = Vector2( 28672, 28672 )

[node name="@Node2D@495" parent="." instance=ExtResource( 21 )]
position = Vector2( 30720, 28672 )

[node name="@Node2D@496" parent="." instance=ExtResource( 21 )]
position = Vector2( 0, 30720 )

[node name="@Node2D@497" parent="." instance=ExtResource( 21 )]
position = Vector2( 2048, 30720 )

[node name="@Node2D@498" parent="." instance=ExtResource( 21 )]
position = Vector2( 4096, 30720 )

[node name="@Node2D@499" parent="." instance=ExtResource( 21 )]
position = Vector2( 6144, 30720 )

[node name="@Node2D@500" parent="." instance=ExtResource( 21 )]
position = Vector2( 8192, 30720 )

[node name="@Node2D@501" parent="." instance=ExtResource( 21 )]
position = Vector2( 10240, 30720 )

[node name="@Node2D@502" parent="." instance=ExtResource( 21 )]
position = Vector2( 12288, 30720 )

[node name="@Node2D@503" parent="." instance=ExtResource( 21 )]
position = Vector2( 14336, 30720 )

[node name="@Node2D@504" parent="." instance=ExtResource( 21 )]
position = Vector2( 16384, 30720 )

[node name="@Node2D@505" parent="." instance=ExtResource( 21 )]
position = Vector2( 18432, 30720 )

[node name="@Node2D@506" parent="." instance=ExtResource( 21 )]
position = Vector2( 20480, 30720 )

[node name="@Node2D@507" parent="." instance=ExtResource( 21 )]
position = Vector2( 22528, 30720 )

[node name="@Node2D@508" parent="." instance=ExtResource( 21 )]
position = Vector2( 24576, 30720 )

[node name="@Node2D@509" parent="." instance=ExtResource( 21 )]
position = Vector2( 26624, 30720 )

[node name="@Node2D@510" parent="." instance=ExtResource( 21 )]
position = Vector2( 28672, 30720 )

[node name="@Node2D@511" parent="." instance=ExtResource( 21 )]
position = Vector2( 30720, 30720 )

[node name="Minimap" type="Sprite" parent="."]
texture = ExtResource( 1 )

[node name="Player" parent="." instance=ExtResource( 30 )]
position = Vector2( 788.27, 6155.04 )

[node name="BreakablePlatform" parent="." instance=ExtResource( 32 )]
position = Vector2( 2047.18, 6464.75 )

[node name="GravityChangeArea2" parent="." instance=ExtResource( 33 )]
position = Vector2( 1925.56, 6679.71 )
rotation = 4.71239

[node name="Coin" parent="." instance=ExtResource( 36 )]
position = Vector2( 2045.89, 6462.45 )

[node name="Key" parent="." instance=ExtResource( 37 )]
position = Vector2( 1577.79, 6278.6 )

[node name="BreakablePlatform2" parent="." instance=ExtResource( 32 )]
position = Vector2( 1696.2, 5959.78 )

[node name="SpringyPlatform" parent="." instance=ExtResource( 38 )]
position = Vector2( 1976, 5600 )

[node name="Turret" parent="." instance=ExtResource( 39 )]
position = Vector2( 1887.97, 6479.36 )
rotation = 1.5708

[node name="NoFallDeathArea" parent="." instance=ExtResource( 34 )]
position = Vector2( 1976, 5600 )
scale = Vector2( 1.00354, 1.51304 )

[node name="TimeReversalCharge" parent="." instance=ExtResource( 35 )]
position = Vector2( 1714.79, 6117.01 )

[node name="GravityChangeArea3" parent="." instance=ExtResource( 33 )]
position = Vector2( 1505.37, 6281.06 )
rotation = 3.14159

[node name="Node2D" parent="GravityChangeArea3" instance=ExtResource( 40 )]
position = Vector2( -2.8291, 1.41406 )

[node name="VerticalMovingPlatform" parent="." instance=ExtResource( 41 )]
position = Vector2( 1993.13, 4940.3 )
Frequency = 0.25

[node name="CircularMovingPlatform" parent="." instance=ExtResource( 31 )]
position = Vector2( 1046.9, 6112.22 )

[node name="Node2D2" parent="." instance=ExtResource( 42 )]
position = Vector2( 1248, 6304 )

[node name="Node2D3" parent="." instance=ExtResource( 43 )]
position = Vector2( 1376, 6304 )

[editable path="@Node2D@304"]

[editable path="@Node2D@305"]
