[gd_scene load_steps=14 format=2]

[ext_resource path="res://sprites/Checkpoint/Checkpoint_activation_01.png" type="Texture" id=1]
[ext_resource path="res://sprites/Checkpoint/Checkpoint_activation_05.png" type="Texture" id=2]
[ext_resource path="res://sprites/Checkpoint/Checkpoint_activation_04.png" type="Texture" id=3]
[ext_resource path="res://sprites/Checkpoint/Checkpoint_online_02.png" type="Texture" id=4]
[ext_resource path="res://sprites/Checkpoint/Checkpoint_activation_02.png" type="Texture" id=5]
[ext_resource path="res://sprites/Checkpoint/Checkpoint_activation_06.png" type="Texture" id=6]
[ext_resource path="res://sprites/Checkpoint/Checkpoint_offline.png" type="Texture" id=7]
[ext_resource path="res://sprites/Checkpoint/Checkpoint_activation_03.png" type="Texture" id=8]
[ext_resource path="res://scenes/tools/Checkpoint.gd" type="Script" id=9]
[ext_resource path="res://sprites/Checkpoint/checkpoing_rockcover.png" type="Texture" id=10]
[ext_resource path="res://audio/Checkpoint.wav" type="AudioStream" id=11]

[sub_resource type="SpriteFrames" id=1]
animations = [ {
"frames": [ ExtResource( 7 ) ],
"loop": false,
"name": "Off",
"speed": 5.0
}, {
"frames": [ ExtResource( 7 ), ExtResource( 1 ), ExtResource( 5 ), ExtResource( 8 ), ExtResource( 3 ), ExtResource( 2 ), ExtResource( 6 ), ExtResource( 4 ) ],
"loop": false,
"name": "FlipOn",
"speed": 12.0
} ]

[sub_resource type="RectangleShape2D" id=2]
extents = Vector2( 86.7496, 130.831 )

[node name="Checkpoint" type="Node2D"]
script = ExtResource( 9 )

[node name="AnimatedSprite" type="AnimatedSprite" parent="."]
scale = Vector2( 2, 2 )
frames = SubResource( 1 )
animation = "Off"
playing = true

[node name="Sprite" type="Sprite" parent="."]
position = Vector2( -40, 130 )
scale = Vector2( 2, 2 )
texture = ExtResource( 10 )

[node name="Area2D" type="Area2D" parent="."]

[node name="CollisionShape2D" type="CollisionShape2D" parent="Area2D"]
position = Vector2( -22.4579, 22.5122 )
shape = SubResource( 2 )

[node name="CheckpointSFX" type="AudioStreamPlayer" parent="."]
stream = ExtResource( 11 )
volume_db = -1.5
bus = "SFX"
[connection signal="body_entered" from="Area2D" to="." method="_on_Area2D_body_entered"]
[connection signal="body_exited" from="Area2D" to="." method="_on_Area2D_body_exited"]
