[gd_scene load_steps=29 format=2]

[ext_resource path="res://sprites/Elevator/Elevator_bg.png" type="Texture" id=1]
[ext_resource path="res://icon.png" type="Texture" id=2]
[ext_resource path="res://scripts/Eye.gd" type="Script" id=3]
[ext_resource path="res://sprites/Elevator/Elevator_pad-sheet.png" type="Texture" id=4]
[ext_resource path="res://sprites/Elevator/Elevator_eye-sheet.png" type="Texture" id=5]

[sub_resource type="RectangleShape2D" id=1]
extents = Vector2( 624.555, 11.5435 )

[sub_resource type="RectangleShape2D" id=2]
extents = Vector2( 330.47, 14.9116 )

[sub_resource type="RectangleShape2D" id=3]
extents = Vector2( 20.6699, 40.7275 )

[sub_resource type="RectangleShape2D" id=4]
extents = Vector2( 16.1797, 88.9941 )

[sub_resource type="RectangleShape2D" id=5]
extents = Vector2( 28.2236, 42.9727 )

[sub_resource type="RectangleShape2D" id=6]
extents = Vector2( 15.0576, 83.3813 )

[sub_resource type="RectangleShape2D" id=7]
extents = Vector2( 9.37866, 4.05835 )

[sub_resource type="AtlasTexture" id=8]
atlas = ExtResource( 4 )
region = Rect2( 0, 0, 177, 108 )

[sub_resource type="AtlasTexture" id=9]
atlas = ExtResource( 4 )
region = Rect2( 177, 0, 177, 108 )

[sub_resource type="AtlasTexture" id=10]
atlas = ExtResource( 4 )
region = Rect2( 354, 0, 177, 108 )

[sub_resource type="AtlasTexture" id=11]
atlas = ExtResource( 4 )
region = Rect2( 531, 0, 177, 108 )

[sub_resource type="SpriteFrames" id=12]
animations = [ {
"frames": [ SubResource( 8 ), SubResource( 8 ), SubResource( 8 ), SubResource( 8 ), SubResource( 8 ), SubResource( 8 ), SubResource( 8 ), SubResource( 8 ), SubResource( 8 ), SubResource( 8 ), SubResource( 8 ), SubResource( 8 ), SubResource( 9 ), SubResource( 10 ), SubResource( 11 ), SubResource( 11 ), SubResource( 11 ), SubResource( 11 ), SubResource( 11 ), SubResource( 11 ), SubResource( 11 ), SubResource( 11 ), SubResource( 11 ), SubResource( 11 ), SubResource( 11 ), SubResource( 11 ), SubResource( 11 ), SubResource( 11 ), SubResource( 11 ), SubResource( 11 ), SubResource( 11 ), SubResource( 11 ), SubResource( 11 ), SubResource( 11 ), SubResource( 10 ), SubResource( 9 ) ],
"loop": true,
"name": "default",
"speed": 12.0
} ]

[sub_resource type="AtlasTexture" id=13]
atlas = ExtResource( 5 )
region = Rect2( 0, 0, 162, 161 )

[sub_resource type="AtlasTexture" id=14]
atlas = ExtResource( 5 )
region = Rect2( 810, 0, 162, 161 )

[sub_resource type="AtlasTexture" id=15]
atlas = ExtResource( 5 )
region = Rect2( 162, 0, 162, 161 )

[sub_resource type="AtlasTexture" id=16]
atlas = ExtResource( 5 )
region = Rect2( 486, 0, 162, 161 )

[sub_resource type="AtlasTexture" id=17]
atlas = ExtResource( 5 )
region = Rect2( 648, 0, 162, 161 )

[sub_resource type="AtlasTexture" id=18]
atlas = ExtResource( 5 )
region = Rect2( 810, 0, 162, 161 )

[sub_resource type="AtlasTexture" id=19]
atlas = ExtResource( 5 )
region = Rect2( 0, 0, 162, 161 )

[sub_resource type="AtlasTexture" id=20]
atlas = ExtResource( 5 )
region = Rect2( 162, 0, 162, 161 )

[sub_resource type="AtlasTexture" id=21]
atlas = ExtResource( 5 )
region = Rect2( 324, 0, 162, 161 )

[sub_resource type="AtlasTexture" id=22]
atlas = ExtResource( 5 )
region = Rect2( 486, 0, 162, 161 )

[sub_resource type="SpriteFrames" id=23]
animations = [ {
"frames": [ SubResource( 13 ), SubResource( 14 ), SubResource( 15 ), SubResource( 14 ), SubResource( 13 ), SubResource( 14 ) ],
"loop": false,
"name": "blink",
"speed": 12.0
}, {
"frames": [ SubResource( 16 ), SubResource( 17 ), SubResource( 18 ) ],
"loop": false,
"name": "TurnOff",
"speed": 8.0
}, {
"frames": [ SubResource( 19 ), SubResource( 20 ), SubResource( 21 ), SubResource( 22 ) ],
"loop": false,
"name": "TurnOn",
"speed": 8.0
} ]

[node name="Elevator_bg" type="Sprite"]
position = Vector2( 13312, 7424 )
z_index = -1
texture = ExtResource( 1 )

[node name="FloorSolid" type="KinematicBody2D" parent="."]

[node name="CollisionShape2D" type="CollisionShape2D" parent="FloorSolid"]
position = Vector2( -309.8, 188.573 )
shape = SubResource( 1 )

[node name="CeilingSolid" type="KinematicBody2D" parent="."]

[node name="CollisionShape2D" type="CollisionShape2D" parent="CeilingSolid"]
position = Vector2( -2.24512, -190.818 )
shape = SubResource( 2 )

[node name="LeftLowerSolid" type="KinematicBody2D" parent="."]

[node name="CollisionShape2D" type="CollisionShape2D" parent="LeftLowerSolid"]
position = Vector2( -319.902, 142.552 )
shape = SubResource( 3 )

[node name="LeftUpperSolid" type="KinematicBody2D" parent="."]

[node name="CollisionShape2D" type="CollisionShape2D" parent="LeftUpperSolid"]
position = Vector2( -313.166, -101.021 )
shape = SubResource( 4 )

[node name="RightLowerSolid" type="KinematicBody2D" parent="."]

[node name="CollisionShape2D" type="CollisionShape2D" parent="RightLowerSolid"]
position = Vector2( 319.909, 143.675 )
shape = SubResource( 5 )

[node name="RightUpperSolid" type="KinematicBody2D" parent="."]

[node name="CollisionShape2D" type="CollisionShape2D" parent="RightUpperSolid"]
position = Vector2( 313.168, -95.4092 )
shape = SubResource( 6 )

[node name="ActivationArea" type="Area2D" parent="."]

[node name="Visualization" type="Sprite" parent="ActivationArea"]
visible = false
position = Vector2( 0, 145 )
scale = Vector2( 3, 1 )
texture = ExtResource( 2 )

[node name="CollisionShape2D" type="CollisionShape2D" parent="ActivationArea"]
position = Vector2( -0.707031, 166.215 )
scale = Vector2( 9, 3 )
shape = SubResource( 7 )

[node name="AnimatedSprite" type="AnimatedSprite" parent="ActivationArea"]
position = Vector2( 0, 125 )
frames = SubResource( 12 )
frame = 6
playing = true

[node name="Eye" type="AnimatedSprite" parent="."]
position = Vector2( -4.4541, -6.23633 )
frames = SubResource( 23 )
animation = "blink"
frame = 3
script = ExtResource( 3 )

[connection signal="body_entered" from="ActivationArea" to="Eye" method="_on_ActivationArea_body_entered"]
[connection signal="body_exited" from="ActivationArea" to="Eye" method="_on_ActivationArea_body_exited"]
