[gd_scene load_steps=12 format=2]

[ext_resource path="res://sprites/Forced Gavrity Change/Gravity Particle Change7.png" type="Texture" id=1]
[ext_resource path="res://sprites/Forced Gavrity Change/Gravity Particle Change1.png" type="Texture" id=2]
[ext_resource path="res://sprites/Forced Gavrity Change/Gravity Particle Change5.png" type="Texture" id=3]
[ext_resource path="res://sprites/Forced Gavrity Change/Gravity Particle Change9.png" type="Texture" id=4]
[ext_resource path="res://sprites/Forced Gavrity Change/Gravity Particle Change6.png" type="Texture" id=5]
[ext_resource path="res://sprites/Forced Gavrity Change/Gravity Particle Change4.png" type="Texture" id=6]
[ext_resource path="res://sprites/Forced Gavrity Change/Gravity Particle Change3.png" type="Texture" id=7]
[ext_resource path="res://sprites/Forced Gavrity Change/Gravity Particle Change2.png" type="Texture" id=8]
[ext_resource path="res://sprites/Forced Gavrity Change/Gravity Particle Change8.png" type="Texture" id=9]
[ext_resource path="res://sprites/Forced Gavrity Change/Gravity Particle Change10.png" type="Texture" id=10]

[sub_resource type="SpriteFrames" id=1]
animations = [ {
"frames": [ ExtResource( 2 ), ExtResource( 8 ), ExtResource( 7 ), ExtResource( 6 ), ExtResource( 3 ), ExtResource( 5 ), ExtResource( 1 ), ExtResource( 9 ), ExtResource( 4 ), ExtResource( 10 ) ],
"loop": true,
"name": "default",
"speed": 10.0
} ]

[node name="GravityChangeAnimation" type="Node2D"]

[node name="AnimatedSprite" type="AnimatedSprite" parent="."]
frames = SubResource( 1 )
frame = 1
playing = true
